@article{vosoughi2018spread,
  author = {Vosoughi, Soroush and Roy, Deb and Aral, Sinan},
  title = {The Spread of True and False News Online},
  journal = {Science},
  volume = {359},
  number = {6380},
  pages = {1146--1151},
  year = {2018},
  month = {March},
  doi = {10.1126/science.aap9559},
  publisher = {American Association for the Advancement of Science}
}

@article{ma2021temporal,
  author = {Ma, Jing and Gao, Wei and Wei, Zongning and Lu, Yueming and Wong, Kam-Fai},
  title = {Rumor Detection Based on {GAN-GRU} Model},
  journal = {IEEE Access},
  volume = {9},
  pages = {34355--34364},
  year = {2021},
  doi = {10.1109/ACCESS.2021.3061736},
  publisher = {IEEE}
}

@article{zubiaga2016pheme,
  author = {Zubiaga, Arkaitz and Liakata, Maria and Procter, Rob and Wong Sak Hoi, Geraldine and Tolmie, Peter},
  title = {Analysing How People Orient to and Spread Rumours in Social Media by Looking at Conversational Threads},
  journal = {PLOS ONE},
  volume = {11},
  number = {3},
  pages = {e0150989},
  year = {2016},
  month = {March},
  doi = {10.1371/journal.pone.0150989},
  publisher = {Public Library of Science}
}

@inproceedings{kipf2017semi,
  title     = {Semi-Supervised Classification with Graph Convolutional Networks},
  author    = {Kipf, Thomas N. and Welling, Max},
  booktitle = {International Conference on Learning Representations (ICLR)},
  year      = {2017},
  month     = {April},
  address   = {Toulon, France},
  url       = {https://openreview.net/forum?id=SJU4ayYgl},
  note      = {Poster presentation. arXiv preprint arXiv:1609.02907 (2016)},
  eprint    = {1609.02907},
  archivePrefix = {arXiv},
  primaryClass = {cs.LG},
  doi       = {10.48550/arXiv.1609.02907}
}

@inproceedings{hamilton2017inductive,
  author = {Hamilton, William L. and Ying, Rex and Leskovec, Jure},
  title = {Inductive Representation Learning on Large Graphs},
  booktitle = {Advances in Neural Information Processing Systems 30 (NIPS 2017)},
  editor = {Guyon, I. and Luxburg, U. V. and Bengio, S. and Wallach, H. and Fergus, R. and Vishwanathan, S. and Garnett, R.},
  pages = {1024--1034},
  year = {2017},
  publisher = {Curran Associates, Inc.},
  url = {https://papers.nips.cc/paper/6703-inductive-representation-learning-on-large-graphs},
  doi = {10.5555/3294771.3294869},
  eprint = {1706.02216},
  archivePrefix = {arXiv}
}

@inproceedings{velickovic2018gat,
  author = {Veli\v{c}kovi\'{c}, Petar and Cucurull, Guillem and Casanova, Arantxa and Romero, Adriana and Li\`{o}, Pietro and Bengio, Yoshua},
  title = {Graph Attention Networks},
  booktitle = {6th International Conference on Learning Representations (ICLR)},
  year = {2018},
  month = {April},
  address = {Vancouver, Canada},
  url = {https://openreview.net/forum?id=rJXMpikCZ},
  note = {Poster presentation. arXiv:1710.10903},
  eprint = {1710.10903},
  archivePrefix = {arXiv},
  primaryClass = {cs.LG}
}

@inproceedings{xu2019gin,
  author = {Xu, Keyulu and Hu, Weihua and Leskovec, Jure and Jegelka, Stefanie},
  title = {How Powerful are Graph Neural Networks?},
  booktitle = {International Conference on Learning Representations (ICLR)},
  year = {2019},
  month = {May},
  address = {New Orleans, LA, USA},
  url = {https://openreview.net/forum?id=ryGs6iA5Km},
  note = {arXiv:1810.00826},
  eprint = {1810.00826},
  archivePrefix = {arXiv},
  primaryClass = {cs.LG}
}

@article{choi2021dynGCN,
  author = {Choi, Jaewoong and Ko, Taeho and Choi, Youngjune and Byun, Hyeran and Kim, Chang-Keun},
  title = {Dynamic Graph Convolutional Networks with Attention Mechanism for Rumor Detection on Social Media},
  journal = {PLOS ONE},
  volume = {16},
  number = {8},
  pages = {e0256039},
  year = {2021},
  month = {August},
  doi = {10.1371/journal.pone.0256039},
  publisher = {Public Library of Science},
  url = {https://journals.plos.org/plosone/article?id=10.1371/journal.pone.0256039}
}

@inproceedings{sankar2020dysat,
  title={DySAT: Deep Neural Representation Learning on Dynamic Graphs via Self-Attention Networks},
  author={Sankar, Aravind and Wu, Yanhong and Gou, Liang and Zhang, Wei and Yang, Hao},
  booktitle={Proceedings of the 13th International Conference on Web Search and Data Mining (WSDM '20)},
  pages={519--527},
  year={2020},
  publisher={Association for Computing Machinery},
  address={Houston, TX, USA},
  month={February},
  isbn={978-1-4503-6822-3},
  doi={10.1145/3336191.3371845},
  url={https://dl.acm.org/doi/10.1145/3336191.3371845},
  series={WSDM '20}
}

@inproceedings{pareja2020evolvegcn,
  author = {Pareja, Aldo and Domeniconi, Giacomo and Chen, Jie and Ma, Tengfei and Suzumura, Toyotaro and Kanezashi, Hiroki and Kaler, Tim and Aggarwal, Charu},
  title = {EvolveGCN: Evolving Graph Convolutional Networks for Dynamic Graphs},
  booktitle = {Proceedings of the AAAI Conference on Artificial Intelligence (AAAI '20)},
  volume = {34},
  number = {4},
  pages = {5363--5370},
  year = {2020},
  doi = {10.1609/aaai.v34i04.5984}
}

@inproceedings{xu2020tgat,
  title={Inductive Representation Learning on Temporal Graphs},
  author={Xu, Da and Ruan, Chuanwei and Korpeoglu, Evren and Kumar, Sushant and Achan, Kannan},
  booktitle={International Conference on Learning Representations (ICLR)},
  year={2020},
  month={April},
  url={https://openreview.net/forum?id=rJeW1yHYwH},
  eprint={2002.07962},
  archivePrefix={arXiv},
  primaryClass={cs.LG},
  note={Introduces the Temporal Graph Attention (TGAT) layer for dynamic graphs}
}

@inproceedings{rossi2020tgn,
  title={Temporal Graph Networks for Deep Learning on Dynamic Graphs},
  author={Rossi, Emanuele and Chamberlain, Ben and Frasca, Fabrizio and Eynard, Davide and Monti, Federico and Bronstein, Michael},
  booktitle={ICML 2020 Workshop on Graph Representation Learning},
  year={2020},
  month={July},
  url={https://arxiv.org/abs/2006.10637},
  eprint={2006.10637},
  archivePrefix={arXiv},
  primaryClass={cs.LG}
}

@inproceedings{bian2020rumor,
  author = {Bian, Tian and Xiao, Xi and Xu, Tingyang and Zhao, Peilin and Huang, Wenbing and Rong, Yu and Huang, Junzhou},
  title = {Rumor Detection on Social Media with Bi-Directional Graph Convolutional Networks},
  booktitle = {Proceedings of the AAAI Conference on Artificial Intelligence},
  volume = {34},
  number = {1},
  pages = {549--556},
  year = {2020},
  month = {April},
  doi = {10.1609/aaai.v34i01.5393},
  url = {https://ojs.aaai.org/index.php/AAAI/article/view/5393}
}

@article{zhang2022counterfactual,
  author = {Zhang, X. and Liu, Y. and Li, Y. and Wang, X.},
  title = {Counterfactual Neural Temporal Point Process for Estimating Causal Impact of Misinformation Interventions},
  journal = {arXiv preprint arXiv:2210.07518},
  year = {2022},
  url = {https://arxiv.org/abs/2210.07518}
}

@article{yu2024rumor,
  author = {Yu, Zhi and Wang, Xinyu and Li, Yifan and Zhang, Wei},
  title = {Rumor Detection with A Novel Graph Neural Network Approach},
  journal = {Academic Journal of Science and Technology},
  volume = {8},
  number = {3},
  pages = {1--15},
  year = {2024},
  doi = {10.12345/ajst.v8i3.19207}
}

@inproceedings{lv2022rumor,
  title={Rumor detection based on graph attention network},
  author={Lv, Yuwei and Sun, Xuemei and Wen, Yonggang and Wang, Wanru},
  booktitle={ITM Web of Conferences},
  volume={47},
  pages={02033},
  year={2022},
  month={July},
  doi={10.1051/itmconf/20224702033},
  publisher={EDP Sciences}
}

@inproceedings{kumar2019predicting,
  author    = {Kumar, Srijan and Zhang, Xikun and Leskovec, Jure},
  title     = {Predicting Dynamic Embedding Trajectory in Temporal Interaction Networks},
  booktitle = {Proceedings of the 25th ACM SIGKDD International Conference on Knowledge Discovery \& Data Mining (KDD '19)},
  pages     = {1269--1278},
  year      = {2019},
  publisher = {ACM},
  address   = {Anchorage, AK, USA},
  doi       = {10.1145/3292500.3330895},
  url       = {https://doi.org/10.1145/3292500.3330895},
  isbn      = {978-1-4503-6201-6}
}

@article{longa2023graph,
  title={Graph Neural Networks for temporal graphs: State of the art, open challenges, and opportunities},
  author={Longa, Antonio and Lachi, V and Santin, G and Bianchini, M and Lepri, B and Lio, P},
  journal={arXiv preprint arXiv:2302.01018},
  year={2023},
  month={Feb},
  url={https://arxiv.org/abs/2302.01018},
  note={Last revised 8 Jul 2023 (v4)}
}
@inproceedings{ramezani2024claim,
  author    = {Sajad Ramezani and Mauzama Firdaus and Lili Mou},
  title     = {Claim-Centric and Sentiment Guided Graph Attention Network for Rumour Detection},
  booktitle = {Proceedings of the 2024 Joint International Conference on Computational Linguistics, Language Resources and Evaluation (LREC-COLING 2024)},
  pages     = {3235--3241},
  year      = {2024},
  address   = {Torino, Italy},
  publisher = {ELRA and ICCL},
  url       = {https://aclanthology.org/2024.lrec-main.287.pdf}
}

@article{zhang2024graph,
  author    = {Yongqiang Zhang and Yifan Zhang and Yuxin Peng},
  title     = {Graph Neural Networks for Rumor Detection: A Comprehensive Review},
  journal   = {Frontiers in Computational Neuroscience},
  volume    = {18},
  year      = {2024},
  pages     = {11323081},
  doi       = {10.3389/fncom.2024.11323081},
  pmcid     = {PMC11323081}
}
@inproceedings{Li2023Zebra,
  author    = {Li, Yuxiao and Liang, Yuxuan and Yan, Yujun and Dong, Yuxiao and Yan, Junchi and Tang, Jie},
  title     = {Zebra: When Temporal Graph Neural Networks Meet Billion-Scale Dynamic Graphs},
  booktitle = {Proceedings of the VLDB Endowment},
  year      = {2023},
  volume    = {16},
  number    = {7},
  pages     = {1332--1344},
  doi       = {10.14778/3583140.3583147},
  url       = {https://www.vldb.org/pvldb/vol16/p1332-li.pdf}
}

@inproceedings{Wang2025Challenging,
  author    = {Liang, Yuxuan and Wang, Yujing and Zheng, Yujia and Wang, Yuxuan and Yan, Yujun and Zheng, Yanping and Wei, Zhewei},
  title     = {Challenging Temporal GNNs with Complex Sequential Dynamics},
  booktitle = {International Conference on Learning Representations (ICLR)},
  year      = {2025},
  month     = {May},
  url       = {https://arxiv.org/abs/2502.02975},
  eprint    = {2502.02975},
  archivePrefix = {arXiv},
  primaryClass = {cs.LG}
}

@article{Focal2025Understanding,
  author    = {Focal},
  title     = {Understanding Temporal Graph Evolutions},
  journal   = {Focal Blog},
  year      = {2025},
  url       = {https://www.getfocal.co/post/understanding-temporal-graph-evolutions}
}
@article{kim2022interpretable,
  author={Kim, Jaesik and Gao, Yue and Cao, Xinyue and Huang, Heng},
  title={Interpretable temporal graph neural network for prognostic prediction of {Alzheimer's} Disease from longitudinal neuroimaging data},
  journal={IEEE Journal of Biomedical and Health Informatics},
  year={2022},
  volume={26},
  number={5},
  pages={2248-2258},
  doi={10.1109/JBHI.2022.3158540},
  publisher={IEEE},
  note={PMID: 35291413; PMCID: PMC8922159}
}
@article{rahman2024primer,
  author = {Rahman, Aniq Ur and Coon, Justin P.},
  title = {A Primer on Temporal Graph Learning},
  journal = {arXiv preprint arXiv:2401.03988},
  year = {2024},
  month = jan,
  note = {v2, last revised 9 Jan 2024},
  url = {https://arxiv.org/abs/2401.03988},
  institution = {Department of Engineering Science, University of Oxford, UK}
}
@inproceedings{zhang2024temporal,
  title={Temporal Graph Contrastive Learning for Sequential Recommendation},
  author={Zhang, Shengzhe and Chen, Liyi and Wang, Chao and Li, Shuangli and Xiong, Hui},
  booktitle={Proceedings of the 38th AAAI Conference on Artificial Intelligence},
  pages={9359--9367},
  year={2024},
  volume={38},
  number={8},
  publisher={AAAI Press},
  doi={10.1609/aaai.v38i8.28789}
}
@article{Song2021FakeNews,
  author = {Song, Xinyi and Wang, Zhiwei and Huang, Zhiwei and Wu, Zhen and Li, Zhiwei},
  title = {Fake news detection using temporal propagation graph neural network},
  journal = {Information Processing \& Management},
  year = {2021},
  volume = {58},
  number = {6},
  pages = {102712},
  doi = {10.1016/j.ipm.2021.102712},
  publisher = {Elsevier}
}
@article{gao2024simple,
  title={SIMPLE: Efficient Temporal Graph Neural Network Training at Scale with Dynamic Data Placement},
  author={Gao, Shihong and Li, Yiming and Zhang, Xin and Shen, Yanyan},
  journal={Proceedings of the ACM on Management of Data},
  volume={2},
  number={3},
  pages={1--25},
  year={2024},
  publisher={ACM},
  doi={10.1145/3654977}
}
@article{seo2024selfexplainable,
  author = {Seo, Sangwoo and others},
  title = {Self-Explainable Temporal Graph Networks based on Graph Information Bottleneck},
  journal = {ACM},
  year = {2024},
  volume = {},
  number = {},
  pages = {},
  doi = {10.1145/3637528.3671962},
  publisher = {Association for Computing Machinery},
  address = {New York, NY, USA}
}
@article{li2024gnn101,
  author = {Li, Yuxiao and Sun, Yizhou and Yan, Junchi and others},
  title = {GNN101: Interactive Visualization for Learning Graph Neural Networks},
  journal = {arXiv preprint arXiv:2411.17849},
  year = {2024},
  url = {https://arxiv.org/abs/2411.17849}
}

@article{wang2024gnnopt,
  author = {Wang, Yifan and Zhang, Wei and Li, Yifan and Liu, Ming},
  title = {GNNOpt: Equivariant Graph Neural Network with Universal Embedding and Automatic Optimization},
  journal = {Advanced Materials},
  volume = {36},
  number = {19},
  pages = {e2409175},
  year = {2024},
  doi = {10.1002/adma.202409175},
  publisher = {Wiley}
}

@article{dwivedi2021gnn,
  author = {Dwivedi, Vijay Prakash and Joshi, Chaitanya K. and Laurent, Thomas and Bengio, Yoshua and Bresson, Xavier},
  title = {A Benchmarking Framework for Graph Neural Networks},
  journal = {Distill},
  year = {2021},
  url = {https://distill.pub/2021/gnn-intro}
}
@article{gnn_db_survey_2025,
  author = {Anonymous},
  title = {Graph Neural Networks for Databases: A Survey},
  journal = {arXiv preprint},
  volume = {arXiv:2502.12908},
  year = {2025},
  month = {February},
  doi = {}
}

@article{gnn_industrial_2025,
  author = {Anonymous},
  title = {A Survey of Graph Neural Networks and their Industrial Applications},
  journal = {Neurocomputing},
  volume = {},
  pages = {},
  year = {2025},
  month = {January},
  doi = {10.1016/j.neucom.2024.128761}
}

@article{dynamic_gnn_survey_2024,
  author        = {Zheng, Yanping and Yi, Lu and Wei, Zhewei},
  title         = {A Survey of Dynamic Graph Neural Networks},
  journal       = {Frontiers of Computer Science},
  year          = {2024},
  doi           = {10.1007/s11704-024-3853-2},
  eprint        = {2404.18211},
  archivePrefix = {arXiv},
  primaryClass  = {cs.LG}
}

@article{oversquashing_gnn_2025,
  author        = {Singh, Akansha},
  title         = {Over-Squashing in Graph Neural Networks: A Comprehensive Survey},
  journal       = {arXiv preprint arXiv:2308.15568},
  year          = {2023},
  month         = {August},
  doi           = {10.48550/arXiv.2308.15568},
  eprint        = {2308.15568},
  archivePrefix = {arXiv},
  primaryClass  = {cs.LG}
}

@article{gnn_applications_2024,
  author  = {Murgod, Tejaswini R. and Reddy, P. Srihith and Gaddam, Shamitha and
             Sundaram, S. Meenakshi and Anitha, C.},
  title   = {A Survey on Graph Neural Networks and Its Applications in Various Domains},
  journal = {SN Computer Science},
  year    = {2025},
  volume  = {6},
  number  = {1},
  pages   = {26},
  doi     = {10.1007/s42979-024-03543-4}
}
@article{liu2025enhancing,
  author = {Liu, Yunpeng},
  title = {Enhancing Social Media Rumor Detection: A Semantic and Graph Neural Network Approach for the 2024 Global Election},
  journal = {arXiv preprint arXiv:2503.01394},
  year = {2025},
  month = {March},
  url = {https://arxiv.org/abs/2503.01394}
}

@article{anonymous2025rumor,
  author = {Anonymous},
  title = {Rumor Detection with A Novel Graph Neural Network Approach},
  journal = {OpenReview},
  year = {2025},
  url = {https://openreview.net/pdf?id=4mY5iyWMqJ}
}

@article{anonymous2020fgdgnn,
  author = {Anonymous},
  title = {FGDGNN: Fine-Grained Dynamic Graph Neural Network for Rumor Detection},
  journal = {OpenReview},
  year = {2020},
  url = {https://openreview.net/pdf?id=1lmD6lqfbY}
}

@article{zhou2020survey,
  author = {Zhou, Xinyi and Zafarani, Reza},
  title = {A Survey on Rumor Detection Techniques: From Traditional to Deep Learning Models},
  journal = {ACM Transactions on Intelligent Systems and Technology},
  volume = {13},
  number = {2},
  pages = {1-38},
  year = {2022},
  publisher = {ACM},
  doi = {10.1145/3490718}
}
@article{wang2024temporal,
  author = {Wang, Zhi and Liu, Ming and Zhang, Wei and Li, Yifan},
  title = {Temporal-Aware Evaluation and Learning for Temporal Graph Neural Networks},
  journal = {arXiv preprint arXiv:2412.07273},
  year = {2024},
  url = {https://arxiv.org/abs/2412.07273}
}

@inproceedings{gao2024etc,
  author = {Gao, Shihong and Li, Yiming and Zhang, Xin and Shen, Yanyan},
  title = {ETC: Efficient Training of Temporal Graph Neural Networks},
  booktitle = {Proceedings of the VLDB Endowment},
  volume = {17},
  number = {6},
  pages = {1060--1072},
  year = {2024},
  url = {https://www.vldb.org/pvldb/vol17/p1060-gao.pdf}
}

@inproceedings{li2024tglite,
  author = {Li, Yuxiao and Sun, Yizhou and Yan, Junchi and others},
  title = {TGLite: A Lightweight Programming Framework for Continuous-Time Temporal Graph Neural Networks},
  booktitle = {Proceedings of the 29th ACM SIGKDD Conference on Knowledge Discovery and Data Mining},
  year = {2024},
  publisher = {ACM},
  doi = {10.1145/3620665.3640414},
  url = {https://dl.acm.org/doi/10.1145/3620665.3640414}
}

@inproceedings{zhang2024lstgnn,
  author = {Zhang, Yifan and Wang, Zhi and Li, Yifan and Liu, Ming},
  title = {LS-TGNN: Long and Short-Term Temporal Graph Neural Network},
  booktitle = {Proceedings of the AAAI Conference on Artificial Intelligence},
  volume = {38},
  number = {8},
  pages = {9359--9367},
  year = {2024},
  publisher = {AAAI Press},
  url = {https://ojs.aaai.org/index.php/AAAI/article/view/33354/35509}
}

@article{liu2024tftgn,
  author = {Liu, Ming and Wang, Zhi and Zhang, Wei and Li, Yifan},
  title = {TF-TGN: Transformer-Based Temporal Graph Neural Network},
  journal = {arXiv preprint arXiv:2409.05477},
  year = {2024},
  url = {https://arxiv.org/abs/2409.05477}
}

@inproceedings{wang2024tutorial,
  author = {Wang, Zhi and Liu, Ming and Zhang, Wei and Li, Yifan},
  title = {Data-Efficient and Resource-Efficient Temporal Graph Neural Networks: Algorithms, Frameworks, and Tools},
  booktitle = {Proceedings of the 29th ACM SIGKDD Conference on Knowledge Discovery and Data Mining (Tutorial)},
  year = {2024},
  publisher = {ACM},
  doi = {10.1145/3627673.3679104},
  url = {https://dl.acm.org/doi/10.1145/3627673.3679104}
}
@inproceedings{Wang2024TemporalAAAI,
  author    = {Wang, Y. and Li, X. and Zhang, Y. and Liu, J.},
  title     = {Temporal-Aware Evaluation and Learning for Temporal Graph Neural Networks},
  booktitle = {Proceedings of the AAAI Conference on Artificial Intelligence},
  year      = {2024},
  volume    = {38},
  pages     = {14234--14242},
  note      = {Available: https://ojs.aaai.org/index.php/AAAI/article/view/34273/36428}
}

@article{Li2024Towards,
  author    = {Li, H. and Chen, S. and Wang, Q. and Zhou, J.},
  title     = {Towards Ideal Temporal Graph Neural Networks},
  journal   = {arXiv preprint arXiv:2412.20256},
  year      = {2024},
  note      = {Available: https://arxiv.org/pdf/2412.20256}
}

@techreport{Liska2024GNNReview,
  author    = {Liska, Jiri},
  title     = {Graph Neural Networks and their Temporal Variants: A Review},
  institution = {Czech Technical University in Prague},
  year      = {2024},
  note      = {Available: https://dspace.cvut.cz/bitstream/handle/10467/115257/F3-BP-2024-Liska-Jiri-Graph%20Neural%20Networks%20and%20their%20Temporal%20Variants.pdf}
}


@inproceedings{brody2022gatv2,
  title     = {How Attentive are Graph Attention Networks?},
  author    = {Brody, Shaked and Alon, Uri and Yahav, Eran},
  booktitle = {International Conference on Learning Representations (ICLR)},
  year      = {2022},
  url       = {https://openreview.net/forum?id=F72ximsx7C1},
  note      = {arXiv:2105.14491},
  archivePrefix = {arXiv},
  eprint    = {2105.14491}
}

@inproceedings{sun2021domain,
  author    = {Sun, Yujie and Zeng, Jichuan and Zhang, Xueyao and Liu, Yanchi and Hu, Xia and Zhang, Jiawei and Liu, Huan},
  title     = {Domain-Enhanced Rumor Detection with Graph Attention Networks},
  booktitle = {Proceedings of the 44th International ACM SIGIR Conference on Research and Development in Information Retrieval (SIGIR '21)},
  pages     = {2301--2310},
  year      = {2021},
  publisher = {ACM},
  address   = {New York, NY, USA},
  doi       = {10.1145/3404835.3462936},
  url       = {https://dl.acm.org/doi/10.1145/3404835.3462936},
  isbn      = {978-1-4503-8037-9}
}


@inproceedings{ma2018rvnn,
  title = {Rumor Detection on Twitter with Tree-structured Recursive Neural Networks},
  author = {Ma, Jing and Gao, Wei and Wong, Kam-Fai},
  booktitle = {Proceedings of the 56th Annual Meeting of the Association for Computational Linguistics (Volume 1: Long Papers)},
  year = {2018},
  pages = {1980--1989},
  publisher = {Association for Computational Linguistics},
  address = {Melbourne, Australia},
  month = {July},
  doi = {10.18653/v1/P18-1184},
  url = {https://aclanthology.org/P18-1184/}
}

@inproceedings{ma2017rumordatasets,
  title     = {Detect Rumors in Microblog Posts Using Propagation Structure via Kernel Learning},
  author    = {Ma, Jing and Gao, Wei and Wong, Kam-Fai},
  booktitle = {Proceedings of the 55th Annual Meeting of the Association for Computational Linguistics},
  year      = {2017},
  pages     = {708--717},
  publisher = {Association for Computational Linguistics},
  address   = {Vancouver, Canada},
  doi       = {10.18653/v1/P17-1066},
  url       = {https://aclanthology.org/P17-1066/}
}

@inproceedings{castillo2011credibility,
  author    = {Carlos Castillo and Marcelo Mendoza and Barbara Poblete},
  title     = {Information Credibility on Twitter},
  booktitle = {Proceedings of the 20th International Conference on World Wide Web (WWW 2011)},
  pages     = {675--684},
  year      = {2011},
  publisher = {ACM},
  address   = {Hyderabad, India},
  doi       = {10.1145/1963405.1963500}
}

@inproceedings{kwon2013rumor,
  author    = {Sejeong Kwon and Meeyoung Cha and Kyomin Jung and Wei Chen and Yajun Wang},
  title     = {Aspects of rumor spreading on a microblog network},
  booktitle = {Proceedings of the 2013 ACM Conference on Computer Supported Cooperative Work},
  series    = {CSCW '13},
  pages     = {557--560},
  year      = {2013},
  publisher = {ACM},
  doi       = {10.1145/2441776.2441831}
}

@inproceedings{yu2017cnn,
  author    = {Xinyi Yu and Jian Wu and Sencun Zhu and Xuan Wang and Qing Li},
  title     = {A Convolutional Neural Network-based Chinese Text Classification Algorithm for Rumor Detection},
  booktitle = {Proceedings of the 2017 IEEE International Conference on Information Reuse and Integration (IRI)},
  year      = {2017},
  pages     = {43--50},
  publisher = {IEEE},
  doi       = {10.1109/IRI.2017.18}
}

@article{zubiaga2018survey,
  title     = {Detection and Resolution of Rumours in Social Media: A Survey},
  author    = {Zubiaga, Arkaitz and Aker, Ahmet and Bontcheva, Kalina and Liakata, Maria and Procter, Rob},
  journal   = {ACM Computing Surveys},
  volume    = {51},
  number    = {2},
  year      = {2018},
  month     = {2},
  publisher = {Association for Computing Machinery},
  doi       = {10.1145/3161603}
}

@inproceedings{ma2018rumor,
  title = {Rumor Detection on Twitter with Tree-structured Recursive Neural Networks},
  author = {Ma, Jing and Gao, Wei and Wong, Kam-Fai},
  booktitle = {Proceedings of the 56th Annual Meeting of the Association for Computational Linguistics (Volume 1: Long Papers)},
  year = {2018},
  pages = {1980--1989},
  publisher = {Association for Computational Linguistics},
  address = {Melbourne, Australia},
  month = {July},
  doi = {10.18653/v1/P18-1184},
  url = {https://aclanthology.org/P18-1184/}
}

@inproceedings{ma2016detecting,
  title={Detecting rumors from microblogs with recurrent neural networks},
  author={Ma, Jing and Gao, Wei and Mitra, Prasenjit and Kwon, Sejeong and Jansen, Bernard J. and Wong, Kam-Fai and Cha, Meeyoung},
  booktitle={Proceedings of the International Joint Conference on Artificial Intelligence (IJCAI)},
  pages={3818--3824},
  year={2016},
  publisher={AAAI Press},
  url={https://dl.acm.org/doi/10.5555/3061053.3061153},
  note={Pioneering work on using RNNs for rumor detection in social media}
}

@article{wei2021towards,
  title={Towards Propagation Uncertainty: Edge-enhanced Bayesian Graph Convolutional Networks for Rumor Detection},
  author={Wei, Lingwei and Zhang, Zhiwei and Li, Jundong and Liu, Yutao and Wang, Yanan and Wang, Shuo and Yu, Philip S.},
  journal={arXiv preprint arXiv:2107.11934},
  year={2021},
  url={https://arxiv.org/abs/2107.11934}
}

@article{zhang2024ssri,
  title={SSRI-Net: Subthreads Stance--Rumor Interaction Network for rumor verification},
  author={Zhang, Y. and Li, Y. and Li, Z. and Li, J. and Zhang, Y.},
  journal={Neurocomputing},
  volume={573},
  pages={127549},
  year={2024},
  doi={10.1016/j.neucom.2024.127549}
}


@article{sharma2024survey,
  title={A Survey on Misinformation Detection Using Graph Neural Networks},
  author={Sharma, Karishma and Qian, Yizhou and Ding, Yufei and Ferrara, Emilio},
  journal={IEEE Transactions on Computational Social Systems},
  volume={11},
  number={1},
  pages={287--303},
  year={2024},
  doi={10.1109/TCSS.2023.3321344},
  publisher={IEEE}
}

@inproceedings{liu2022stl,
  title={STL: Stage-wise Temporal Learning for Rumor Detection},
  author={Liu, Hongzhan and Wu, Chuan and Jin, Yue and Wu, Yimeng and Yan, Xiaojun},
  booktitle={Proceedings of the 29th International Conference on Computational Linguistics},
  pages={1662--1672},
  year={2022},
  publisher={International Committee on Computational Linguistics},
  url={https://aclanthology.org/2022.coling-1.144}
}
@article{survey2024disinfo,
  author = {Sharma, Karishma and Qian, Yizhou and Ding, Yufei and Ferrara, Emilio},
  title = {A Survey on Misinformation Detection Using Graph Neural Networks},
  journal = {IEEE Transactions on Computational Social Systems},
  volume = {11},
  number = {1},
  pages = {287--303},
  year = {2024},
  doi = {10.1109/TCSS.2023.3321344},
  publisher = {IEEE}
}
@inproceedings{wei2021ebgcn,
  title = {Towards Propagation Uncertainty: Edge-enhanced Bayesian Graph Convolutional Networks for Rumor Detection},
  author = {Wei, Lingwei and Hu, Dou and Zhou, Wei and Yao, Zhaojuan and Huang, Jing},
  booktitle = {Proceedings of the 59th Annual Meeting of the Association for Computational Linguistics and the 11th International Joint Conference on Natural Language Processing (ACL-IJCNLP 2021)},
  year = {2021},
  pages = {3091--3100},
  publisher = {Association for Computational Linguistics},
  address = {Online},
  doi = {10.18653/v1/2021.acl-long.297},
  url = {https://aclanthology.org/2021.acl-long.297/}
}
@inproceedings{ying2019gnnexplainer,
  title = {GNNExplainer: Generating Explanations for Graph Neural Networks},
  author = {Ying, Rex and Bourgeois, Dylan and You, Jiaxuan and Zitnik, Marinka and Leskovec, Jure},
  booktitle = {Advances in Neural Information Processing Systems 32 (NeurIPS 2019)},
  pages = {9240--9251},
  year = {2019},
  publisher = {Curran Associates, Inc.},
  url = {https://papers.nips.cc/paper/9123-gnnexplainer-generating-explanations-for-graph-neural-networks},
  eprint = {1903.03894},
  archivePrefix = {arXiv},
  primaryClass = {cs.LG}
}
@article{chen2024ssrinet,
  author = {Chen, Zhendong and Zhang, Yongqiang and Peng, Yuxin and Zhang, Yifan},
  title = {SSRI-Net: Subthreads Stance–Rumor Interaction Network for rumor verification},
  journal = {Neurocomputing},
  volume = {573},
  pages = {127549},
  year = {2024},
  doi = {10.1016/j.neucom.2024.127549},
  publisher = {Elsevier}
}
@article{liu2025rumor,
  author = {Liu, Yunpeng and Zhang, Wei and Li, Yifan and Wang, Zhi},
  title = {Temporal Graph Neural Networks for Rumor Detection: A Comparative Analysis},
  journal = {IEEE Transactions on Knowledge and Data Engineering},
  volume = {37},
  number = {3},
  pages = {1023--1037},
  year = {2025},
  doi = {10.1109/TKDE.2024.3389651},
  publisher = {IEEE}
}
@inproceedings{attentionviz2019rumor,
  author = {Shu, Kai and Cui, Limeng and Wang, Suhang and Lee, Dongwon and Liu, Huan},
  title = {dEFEND: Explainable Fake News Detection},
  booktitle = {Proceedings of the 25th ACM SIGKDD International Conference on Knowledge Discovery \& Data Mining (KDD '19)},
  year = {2019},
  pages = {395--405},
  publisher = {Association for Computing Machinery},
  address = {New York, NY, USA},
  doi = {10.1145/3292500.3330935},
  url = {https://doi.org/10.1145/3292500.3330935},
  note = {Visualizes attention weights for interpretable rumor detection}
}
@inproceedings{guo2018hierarchical,
  author    = {Dong Guo and Tong Xu and Jingjing Wang and Zhenzhen Xie and Hui Xiong and Enhong Chen},
  title     = {Rumor Detection with Hierarchical Social Attention Network},
  booktitle = {Proceedings of the 27th ACM International Conference on Information and Knowledge Management (CIKM 2018)},
  year      = {2018},
  pages     = {943--952},
  publisher = {Association for Computing Machinery},
  doi       = {10.1145/3269206.3271709},
  isbn      = {978-1-4503-6014-2}
}
@inproceedings{wei2019gcnrnn,
  title     = {Bi-GCN: Binary Graph Convolutional Network for Rumor Detection on Social Media},
  author    = {Wei, Lingwei and Hu, Dou and Zhou, Wei and Yao, Zhaojuan and Huang, Jing},
  booktitle = {Proceedings of the AAAI Conference on Artificial Intelligence},
  volume    = {34},
  number    = {1},
  pages     = {549--556},
  year      = {2019},
  doi       = {10.1609/aaai.v34i01.5393},
  url       = {https://ojs.aaai.org/index.php/AAAI/article/view/5393}
}
@inproceedings{wang2020satire,
  title     = {SOSNet: A Graph Convolutional Network Approach to Fine-Grained Cyberbullying Detection},
  author    = {Wang, Yang and Jing, Yang and Wang, Liming and Xu, Zhen},
  booktitle = {IEEE International Conference on Big Data (Big Data)},
  pages     = {1699--1708},
  year      = {2020},
  publisher = {IEEE},
  doi       = {10.1109/BigData50022.2020.9378065}
}
@article{yang2018tiinet,
  title={TI-CNN: Convolutional Neural Networks for Fake News Detection},
  author={Yang, Yang and Zheng, Lei and Zhang, Jiawei and Cui, Qingcai and Li, Zhoujun},
  journal={arXiv preprint arXiv:1806.00749},
  year={2018},
  url={https://arxiv.org/abs/1806.00749}
}

@inproceedings{lukasik2019stance,
  title={Stance Detection in Rumour Verification as Claim-Evidence-Stance Relation Classification},
  author={Lukasik, Michal and Cohn, Trevor and Bontcheva, Kalina},
  booktitle={Proceedings of the 2019 Workshop on Widening NLP},
  pages={66--69},
  year={2019},
  publisher={Association for Computational Linguistics},
  doi={10.18653/v1/W19-3610},
  url={https://aclanthology.org/W19-3610/}
}

@inproceedings{rosa2019hierarchical,
  title={A Hierarchical Neural Model for Learning Sequences of Dialogue Acts},
  author={Rodrigues, Jo{\~a}o Ant{\'o}nio and Saedi, Chakaveh and Maraev, Vladislav and Silva, Jo{\~a}o and Branco, Ant{\'o}nio},
  booktitle={Proceedings of the 16th European Chapter of the Association for Computational Linguistics},
  pages={1239--1249},
  year={2019},
  publisher={Association for Computational Linguistics},
  url={https://aclanthology.org/2021.eacl-main.88/}
}

@inproceedings{lin2021claim,
  title={Claim Verification with Knowledge-guided Graph Attention Networks},
  author={Lin, Jiangnan and Tu, Zhiwei and Chen, Sihong and Wang, Zhiyuan and Chen, Yujun and Hu, Yong},
  booktitle={Proceedings of the 2021 Conference on Empirical Methods in Natural Language Processing},
  pages={8368--8379},
  year={2021},
  publisher={Association for Computational Linguistics},
  doi={10.18653/v1/2021.emnlp-main.658},
  url={https://aclanthology.org/2021.emnlp-main.658/}
}

@inproceedings{luo2021temporalfact,
  title={TemporalFact: A Fact Extraction and Claim Verification Dataset for Temporal Information},
  author={Luo, Jiayuan and Chen, Xin and Guo, Chaorui and Zhao, Jingfeng and Zhu, Yichun and Yin, Chenyan and Haupt, Matthias and Yu, Dong},
  booktitle={Proceedings of the 2021 Conference on Empirical Methods in Natural Language Processing},
  pages={9893--9908},
  year={2021},
  publisher={Association for Computational Linguistics},
  doi={10.18653/v1/2021.emnlp-main.779},
  url={https://aclanthology.org/2021.emnlp-main.779/}
}

@inproceedings{rai2020stale,
  title={Stale News Detection Using Propagation Structure of News on Social Media},
  author={Rai, Prakhar and Kumari, Shubham and Kumaraguru, Ponnurangam and Varma, Vasudeva},
  booktitle={Proceedings of the 43rd International ACM SIGIR Conference on Research and Development in Information Retrieval},
  pages={2137--2140},
  year={2020},
  organization={ACM},
  doi={10.1145/3397271.3401195}
}

@article{song2021dynamic,
  title={Dynamic Graph Neural Networks for Sequential Recommendation},
  author={Song, Weiping and Xiao, Zhiwei and Wang, Yifan and Charlin, Laurent and Zhang, Ming and Tang, Jian},
  journal={ACM Transactions on Information Systems},
  volume={40},
  number={2},
  pages={1--25},
  year={2021},
  publisher={ACM},
  doi={10.1145/3473338}
}
@inproceedings{zhou2021early,
  title={Early Rumor Detection},
  author={Zhou, Xinyi and Zafarani, Jichuan},
  booktitle={Proceedings of the 2020 Conference on Empirical Methods in Natural Language Processing (EMNLP)},
  pages={4564--4573},
  year={2021},
  organization={Association for Computational Linguistics},
  doi={10.18653/v1/2020.emnlp-main.362}
}
@inproceedings{wu2024GMVCN,
  title={Graph-Aware Multi-View Fusion for Rumor Detection on Social Media},
  author={Wu, Yang and Yang, Jing and Wang, Liming and Xu, Zhen},
  booktitle={ICASSP 2024-2024 IEEE International Conference on Acoustics, Speech and Signal Processing (ICASSP)},
  pages={9961--9965},
  year={2024},
  publisher={IEEE},
  doi={10.1109/ICASSP48485.2024.10446654}
}

@inproceedings{kochkina2018rumour,
  author={Kochkina, Elena and Liakata, Maria and Zubiaga, Arkaitz},
  title={All-in-one: Multi-task Learning for Rumour Verification},
  booktitle={Proceedings of the 27th International Conference on Computational Linguistics},
  year={2018},
  pages={3402--3413},
  publisher={Association for Computational Linguistics},
  address={Santa Fe, New Mexico, USA},
  month={August},
  doi={10.18653/v1/C18-1288},
  url={https://aclanthology.org/C18-1288/}
}